<?xml version="1.0" encoding="utf-8"?>
<record xmlns="http://www.loc.gov/MARC21/slim" xmlns:xsi="http://www.w3.org/2001/XMLSchema-instance" xsi:schemaLocation="http://www.loc.gov/MARC21/slim http://www.loc.gov/standards/marcxml/schema/MARC21slim.xsd">
	<leader>     nam a22     Mi 4500</leader>
	<controlfield tag="001">415830</controlfield>
	<controlfield tag="003">NjP</controlfield>
	<controlfield tag="006">m        d        </controlfield>
	<controlfield tag="007">cr cn |||m|||a</controlfield>
	<controlfield tag="008">180802m19869999ir      ob    000 0 ara d</controlfield>
	<datafield ind1="7" ind2=" " tag="024">
		<subfield code="a">princeton_aco001135</subfield>
		<subfield code="2">local</subfield>
	</datafield>
	<datafield ind1=" " ind2=" " tag="040">
		<subfield code="a">ZYU</subfield>
		<subfield code="b">eng</subfield>
		<subfield code="c">ZYU</subfield>
	</datafield>
	<datafield ind1=" " ind2="4" tag="050">
		<subfield code="a">KBP461</subfield>
		<subfield code="b">.K48 1985</subfield>
	</datafield>
	<datafield ind1=" " ind2=" " tag="079">
		<subfield code="a">ocm81680193</subfield>
	</datafield>
	<datafield ind1="1" ind2=" " tag="100">
		<subfield code="6">880-01</subfield>
		<subfield code="a">Khūʼī, Abū al-Qāsim ibn ʻAlī Akbar,</subfield>
		<subfield code="d">1899-</subfield>
	</datafield>
	<datafield ind1="1" ind2="0" tag="240">
		<subfield code="6">880-02</subfield>
		<subfield code="a">Ijārah</subfield>
	</datafield>
	<datafield ind1="1" ind2="0" tag="245">
		<subfield code="6">880-03</subfield>
		<subfield code="a">Kitāb al-ijārah</subfield>
		<subfield code="h">[electronic resource] :</subfield>
		<subfield code="b">muḥāḍarāt zaʻīm al-ḥawzah al-ʻilmīyah Āyat Allāh al-ʻUẓmá al-Sayyid Abū al-Qāsim al-Mūsawī al-Khūʼī ... /</subfield>
		<subfield code="c">[taʼlīf Murtaḍá al-Burūjirdī].</subfield>
	</datafield>
	<datafield ind1=" " ind2=" " tag="260">
		<subfield code="6">880-04</subfield>
		<subfield code="a">[Qum] :</subfield>
		<subfield code="b">Luṭfī,</subfield>
		<subfield code="c">[1365- [1986 or 1987]-</subfield>
	</datafield>
	<datafield ind1=" " ind2=" " tag="300">
		<subfield code="a">online resource (v.)</subfield>
	</datafield>
	<datafield ind1="1" ind2=" " tag="490">
		<subfield code="6">880-05</subfield>
		<subfield code="a">Manshūrāt madrasat Dār al-ʻIlm ;</subfield>
		<subfield code="v">5</subfield>
	</datafield>
	<datafield ind1="1" ind2=" " tag="490">
		<subfield code="6">880-06</subfield>
		<subfield code="a">Mustanad al-ʻUrwah al-wuthqá</subfield>
	</datafield>
	<datafield ind1=" " ind2=" " tag="500">
		<subfield code="a">Cover title.</subfield>
	</datafield>
	<datafield ind1=" " ind2=" " tag="500">
		<subfield code="a">Part of the Arabic Collections Online (ACO) project, contributed by Princeton University Libraries.</subfield>
	</datafield>
	<datafield ind1=" " ind2=" " tag="504">
		<subfield code="a">Includes bibliographical references.</subfield>
	</datafield>
	<datafield ind1=" " ind2=" " tag="533">
		<subfield code="a">Electronic reproduction.</subfield>
		<subfield code="b">New York, N.Y. :</subfield>
		<subfield code="c">New York University,</subfield>
		<subfield code="d">2018.</subfield>
		<subfield code="5">NNU</subfield>
	</datafield>
	<datafield ind1="1" ind2="0" tag="600">
		<subfield code="6">880-07</subfield>
		<subfield code="a">Ṭabāṭabāʼī al-Yazdī, Muḥammad Kāẓim,</subfield>
		<subfield code="d">-1919.</subfield>
		<subfield code="t">ʻUrwah al-wuthqá.</subfield>
	</datafield>
	<datafield ind1=" " ind2="0" tag="650">
		<subfield code="a">Islamic law</subfield>
		<subfield code="x">Interpretation and construction.</subfield>
	</datafield>
	<datafield ind1="1" ind2=" " tag="700">
		<subfield code="6">880-08</subfield>
		<subfield code="a">Burūjirdī, Murtaḍá.</subfield>
	</datafield>
	<datafield ind1="2" ind2=" " tag="710">
		<subfield code="a">Princeton University.</subfield>
		<subfield code="b">Library.</subfield>
	</datafield>
	<datafield ind1="0" ind2=" " tag="730">
		<subfield code="a">Arabic Collections Online.</subfield>
	</datafield>
	<datafield ind1="0" ind2=" " tag="740">
		<subfield code="6">880-09</subfield>
		<subfield code="a">Ijārah.</subfield>
	</datafield>
	<datafield ind1="0" ind2="8" tag="776">
		<subfield code="i">Print version:</subfield>
		<subfield code="a">Khūʼī, Abū al-Qāsim ibn ʻAlī Akbar, 1899-</subfield>
		<subfield code="t">Kitāb al-ijārah</subfield>
		<subfield code="w">(NjP)415830</subfield>
	</datafield>
	<datafield ind1="1" ind2=" " tag="800">
		<subfield code="6">880-10</subfield>
		<subfield code="a">Khūʼī, Abū al-Qāsim ibn ʻAlī Akbar,</subfield>
		<subfield code="d">1899- .</subfield>
		<subfield code="t">Mustanad al-ʻUrwah al-wuthqá.</subfield>
	</datafield>
	<datafield ind1=" " ind2="0" tag="830">
		<subfield code="6">880-11</subfield>
		<subfield code="a">Manshūrāt madrasat Dār al-ʻIlm ;</subfield>
		<subfield code="v">5.</subfield>
	</datafield>
	<datafield ind1="4" ind2="0" tag="856">
		<subfield code="u">http://hdl.handle.net/2333.1/hqbzkppr</subfield>
	</datafield>
	<datafield ind1="1" ind2=" " tag="880">
		<subfield code="6">100-01</subfield>
		<subfield code="a">خوئي، ابو القاسم بن علي اكبر،‎‎</subfield>
		<subfield code="d">1899-</subfield>
	</datafield>
	<datafield ind1="1" ind2="0" tag="880">
		<subfield code="6">240-02</subfield>
		<subfield code="a">اجارة‎‎</subfield>
	</datafield>
	<datafield ind1="1" ind2="0" tag="880">
		<subfield code="6">245-03</subfield>
		<subfield code="a">كتاب الاجارة :‎‎</subfield>
		<subfield code="b">محاضرات زعيم الحوزة العلمية آية الله العظمى السيد ابو القاسم الموسوي الخوئي ... /‎‎</subfield>
		<subfield code="c">[تأليف مرتضى البروجردي].‎‎</subfield>
	</datafield>
	<datafield ind1=" " ind2=" " tag="880">
		<subfield code="6">260-04</subfield>
		<subfield code="a">[قم] :‎‎</subfield>
		<subfield code="b">لطفي،‎‎</subfield>
		<subfield code="c">[1365- [1986 or 1987]-</subfield>
	</datafield>
	<datafield ind1="1" ind2=" " tag="880">
		<subfield code="6">490-05</subfield>
		<subfield code="a">منشورات مدرسة دار العلم ؛‎‎</subfield>
		<subfield code="v">5</subfield>
	</datafield>
	<datafield ind1="1" ind2=" " tag="880">
		<subfield code="6">490-06</subfield>
		<subfield code="a">مستند العروة الوثقى‎‎</subfield>
	</datafield>
	<datafield ind1="1" ind2="4" tag="880">
		<subfield code="6">600-07</subfield>
		<subfield code="a">طباطبائي اليزدي، محمد كاظم،‎‎</subfield>
		<subfield code="d">-1919.</subfield>
		<subfield code="t">عروة الوثقى.‎‎</subfield>
	</datafield>
	<datafield ind1="1" ind2=" " tag="880">
		<subfield code="6">700-08</subfield>
		<subfield code="a">بروجردي، مرتضى.‎‎</subfield>
	</datafield>
	<datafield ind1="0" ind2=" " tag="880">
		<subfield code="6">740-09</subfield>
		<subfield code="a">اجارة.‎‎</subfield>
	</datafield>
	<datafield ind1="1" ind2=" " tag="880">
		<subfield code="6">800-10</subfield>
		<subfield code="a">خوئي، ابو القاسم بن علي اكبر،‎‎</subfield>
		<subfield code="d">1899- .</subfield>
		<subfield code="t">مستند العروة الوثقى.‎‎</subfield>
	</datafield>
	<datafield ind1=" " ind2="0" tag="880">
		<subfield code="6">830-11</subfield>
		<subfield code="a">منشورات مدرسة دار العلم ؛‎‎</subfield>
		<subfield code="v">5.</subfield>
	</datafield>
	<datafield ind1=" " ind2=" " tag="911">
		<subfield code="a">19921028</subfield>
	</datafield>
	<datafield ind1=" " ind2=" " tag="912">
		<subfield code="a">19980515040516.0</subfield>
	</datafield>
	<datafield ind1=" " ind2=" " tag="959">
		<subfield code="a">NNU</subfield>
		<subfield code="b">WEB</subfield>
		<subfield code="c">GENI</subfield>
		<subfield code="t">0</subfield>
		<subfield code="m">Electronic access</subfield>
		<subfield code="s">01</subfield>
	</datafield>
	<datafield ind1=" " ind2=" " tag="999">
		<subfield code="a">415830</subfield>
		<subfield code="e">(ERROR-880)(ERROR-MISC)</subfield>
		<subfield code="i">NjP_415830</subfield>
		<subfield code="s">princeton_aco001135:juz 7</subfield>
	</datafield>
</record>
